@article{knuth84,
  author = {Knuth, Donald E.},
  title = {Literate Programming},
  year = {1984},
  issue_date = {May 1984},
  publisher = {Oxford University Press, Inc.},
  address = {USA},
  volume = {27},
  number = {2},
  issn = {0010-4620},
  url = {https://doi.org/10.1093/comjnl/27.2.97},
  doi = {10.1093/comjnl/27.2.97},
  journal = {Comput. J.},
  month = may,
  pages = {97–111},
  numpages = {15}
}

> Referencias de Gaby
@article{Castro 2013,
  author = {Castro Rozo, Fabio E.},
  title = {Indicadores de gestión: Toma de decisiones basada en Inteligencia de Negocios},
  year = {2013},
  issue_date = {noviembre 8, 2013},
  publisher = {Universidad Distral Francisco José de Caldas, Colombia},
  address = {Colombia},
  volume = {},
  number = {},
  issn = {2344-8288},
  url = {https://geox.udistrital.edu.co/index.php/tia/article/view/4639},
  doi = {},
  journal = {},
  month = may,
  pages = {87-99},
  numpages = {}
}

@article{McKinsey 2011,
  author = {Manyika, James; Chui, Michael},
  title = {Big Data: The next frontier for innovation, competition, and productivity},
  year = {2011},
  issue_date = {mayo 1, 2011},
  publisher = {McKinsey Global Institute},
  address = {Nueva York, Estados Unidos},
  volume = {},
  number = {},
  issn = {},
  url = {https://www.mckinsey.com/capabilities/mckinsey-digital/our-insights/big-data-the-next-frontier-for-innovation}
  doi = {},
  journal = {},
  month = {mayo},
  pages = {},
  numpages = {}
}

@article{IBM (n.d.),
  author = {IBM software group},
  title = {Building confidence in big data building confidence in big data innovations in information integration & governance for big data},
  year = {n.d.},
  issue_date = {n.d.},
  publisher = {IBM software group},
  address = {Nueva York, Estados Unidos},
  volume = {},
  number = {},
  issn = {},
  url = {https://public.dhe.ibm.com/software/be/businessconnect/Workshop_Confidence_in_Big_Data_Andre_de_Locht.pdf}
  doi = {},
  journal = {},
  month = {} ,
  pages = {},
  numpages = {}
}

@article{IBM (n.d.),
  author = {IBM software group},
  title = {Tecnología},
  year = {n.d.},
  issue_date = {n.d.},
  publisher = {IBM software group},
  address = {Nueva York, Estados Unidos},
  volume = {},
  number = {},
  issn = {},
  url = {https://www.ibm.com/es-es/consulting/technology?lnk=flathl}
  doi = {},
  journal = {},
  month = {} ,
  pages = {},
  numpages = {}
}

